%YAML 1.1
%TAG !u! tag:unity3d.com,2011:
--- !u!1 &2536499492349619695
GameObject:
  m_ObjectHideFlags: 0
  m_CorrespondingSourceObject: {fileID: 0}
  m_PrefabInstance: {fileID: 0}
  m_PrefabAsset: {fileID: 0}
  serializedVersion: 6
  m_Component:
  - component: {fileID: 2536499492349619694}
  m_Layer: 0
  m_Name: PracticeModels
  m_TagString: Untagged
  m_Icon: {fileID: 0}
  m_NavMeshLayer: 0
  m_StaticEditorFlags: 0
  m_IsActive: 1
--- !u!4 &2536499492349619694
Transform:
  m_ObjectHideFlags: 0
  m_CorrespondingSourceObject: {fileID: 0}
  m_PrefabInstance: {fileID: 0}
  m_PrefabAsset: {fileID: 0}
  m_GameObject: {fileID: 2536499492349619695}
  m_LocalRotation: {x: 0, y: 0, z: 0, w: 1}
  m_LocalPosition: {x: 0, y: 0, z: 0}
  m_LocalScale: {x: 1, y: 1, z: 1}
  m_Children:
  - {fileID: 3607666359075309606}
  - {fileID: 733086629724916799}
  - {fileID: 4589489999387920730}
  m_Father: {fileID: 0}
  m_RootOrder: 0
  m_LocalEulerAnglesHint: {x: 0, y: 0, z: 0}
--- !u!1001 &1026192537788346265
PrefabInstance:
  m_ObjectHideFlags: 0
  serializedVersion: 2
  m_Modification:
    m_TransformParent: {fileID: 2536499492349619694}
    m_Modifications:
    - target: {fileID: 4336058096088016831, guid: ddf57143a89418045b14f839df4932ef,
        type: 3}
      propertyPath: m_LocalPosition.x
      value: -0.4
      objectReference: {fileID: 0}
    - target: {fileID: 4336058096088016831, guid: ddf57143a89418045b14f839df4932ef,
        type: 3}
      propertyPath: m_LocalPosition.y
      value: 1.1
      objectReference: {fileID: 0}
    - target: {fileID: 4336058096088016831, guid: ddf57143a89418045b14f839df4932ef,
        type: 3}
      propertyPath: m_LocalPosition.z
      value: -2.3
      objectReference: {fileID: 0}
    - target: {fileID: 4336058096088016831, guid: ddf57143a89418045b14f839df4932ef,
        type: 3}
      propertyPath: m_LocalRotation.x
      value: 0
      objectReference: {fileID: 0}
    - target: {fileID: 4336058096088016831, guid: ddf57143a89418045b14f839df4932ef,
        type: 3}
      propertyPath: m_LocalRotation.y
      value: 0
      objectReference: {fileID: 0}
    - target: {fileID: 4336058096088016831, guid: ddf57143a89418045b14f839df4932ef,
        type: 3}
      propertyPath: m_LocalRotation.z
      value: 0
      objectReference: {fileID: 0}
    - target: {fileID: 4336058096088016831, guid: ddf57143a89418045b14f839df4932ef,
        type: 3}
      propertyPath: m_LocalRotation.w
      value: 1
      objectReference: {fileID: 0}
    - target: {fileID: 4336058096088016831, guid: ddf57143a89418045b14f839df4932ef,
        type: 3}
      propertyPath: m_RootOrder
      value: 0
      objectReference: {fileID: 0}
    - target: {fileID: 4336058096088016831, guid: ddf57143a89418045b14f839df4932ef,
        type: 3}
      propertyPath: m_LocalEulerAnglesHint.x
      value: 0
      objectReference: {fileID: 0}
    - target: {fileID: 4336058096088016831, guid: ddf57143a89418045b14f839df4932ef,
        type: 3}
      propertyPath: m_LocalEulerAnglesHint.y
      value: 0
      objectReference: {fileID: 0}
    - target: {fileID: 4336058096088016831, guid: ddf57143a89418045b14f839df4932ef,
        type: 3}
      propertyPath: m_LocalEulerAnglesHint.z
      value: 0
      objectReference: {fileID: 0}
    - target: {fileID: 6388074673656654899, guid: ddf57143a89418045b14f839df4932ef,
        type: 3}
      propertyPath: m_Name
      value: HardHatCustom
      objectReference: {fileID: 0}
    m_RemovedComponents: []
  m_SourcePrefab: {fileID: 100100000, guid: ddf57143a89418045b14f839df4932ef, type: 3}
--- !u!4 &3607666359075309606 stripped
Transform:
  m_CorrespondingSourceObject: {fileID: 4336058096088016831, guid: ddf57143a89418045b14f839df4932ef,
    type: 3}
  m_PrefabInstance: {fileID: 1026192537788346265}
  m_PrefabAsset: {fileID: 0}
--- !u!1001 &2518586080146685103
PrefabInstance:
  m_ObjectHideFlags: 0
  serializedVersion: 2
  m_Modification:
    m_TransformParent: {fileID: 2536499492349619694}
    m_Modifications:
    - target: {fileID: 2108516289031665141, guid: 7b9f611f711e66146bf7593b20bed5e2,
        type: 3}
      propertyPath: m_LocalPosition.x
      value: 0.4
      objectReference: {fileID: 0}
    - target: {fileID: 2108516289031665141, guid: 7b9f611f711e66146bf7593b20bed5e2,
        type: 3}
      propertyPath: m_LocalPosition.y
      value: 1.1
      objectReference: {fileID: 0}
    - target: {fileID: 2108516289031665141, guid: 7b9f611f711e66146bf7593b20bed5e2,
        type: 3}
      propertyPath: m_LocalPosition.z
      value: -2.3
      objectReference: {fileID: 0}
    - target: {fileID: 2108516289031665141, guid: 7b9f611f711e66146bf7593b20bed5e2,
        type: 3}
      propertyPath: m_LocalRotation.x
      value: 0
      objectReference: {fileID: 0}
    - target: {fileID: 2108516289031665141, guid: 7b9f611f711e66146bf7593b20bed5e2,
        type: 3}
      propertyPath: m_LocalRotation.y
      value: 0
      objectReference: {fileID: 0}
    - target: {fileID: 2108516289031665141, guid: 7b9f611f711e66146bf7593b20bed5e2,
        type: 3}
      propertyPath: m_LocalRotation.z
      value: 0
      objectReference: {fileID: 0}
    - target: {fileID: 2108516289031665141, guid: 7b9f611f711e66146bf7593b20bed5e2,
        type: 3}
      propertyPath: m_LocalRotation.w
      value: 1
      objectReference: {fileID: 0}
    - target: {fileID: 2108516289031665141, guid: 7b9f611f711e66146bf7593b20bed5e2,
        type: 3}
      propertyPath: m_RootOrder
      value: 2
      objectReference: {fileID: 0}
    - target: {fileID: 2108516289031665141, guid: 7b9f611f711e66146bf7593b20bed5e2,
        type: 3}
      propertyPath: m_LocalEulerAnglesHint.x
      value: 0
      objectReference: {fileID: 0}
    - target: {fileID: 2108516289031665141, guid: 7b9f611f711e66146bf7593b20bed5e2,
        type: 3}
      propertyPath: m_LocalEulerAnglesHint.y
      value: 0
      objectReference: {fileID: 0}
    - target: {fileID: 2108516289031665141, guid: 7b9f611f711e66146bf7593b20bed5e2,
        type: 3}
      propertyPath: m_LocalEulerAnglesHint.z
      value: 0
      objectReference: {fileID: 0}
    - target: {fileID: 4659577333809323262, guid: 7b9f611f711e66146bf7593b20bed5e2,
        type: 3}
      propertyPath: m_Name
      value: HammerCustom
      objectReference: {fileID: 0}
    m_RemovedComponents: []
  m_SourcePrefab: {fileID: 100100000, guid: 7b9f611f711e66146bf7593b20bed5e2, type: 3}
--- !u!4 &4589489999387920730 stripped
Transform:
  m_CorrespondingSourceObject: {fileID: 2108516289031665141, guid: 7b9f611f711e66146bf7593b20bed5e2,
    type: 3}
  m_PrefabInstance: {fileID: 2518586080146685103}
  m_PrefabAsset: {fileID: 0}
--- !u!1001 &5592253337642519235
PrefabInstance:
  m_ObjectHideFlags: 0
  serializedVersion: 2
  m_Modification:
    m_TransformParent: {fileID: 2536499492349619694}
    m_Modifications:
    - target: {fileID: 5167843944095762172, guid: 7670c89bace116246b294cd774272886,
        type: 3}
      propertyPath: m_LocalPosition.x
      value: 0
      objectReference: {fileID: 0}
    - target: {fileID: 5167843944095762172, guid: 7670c89bace116246b294cd774272886,
        type: 3}
      propertyPath: m_LocalPosition.y
      value: 1.1
      objectReference: {fileID: 0}
    - target: {fileID: 5167843944095762172, guid: 7670c89bace116246b294cd774272886,
        type: 3}
      propertyPath: m_LocalPosition.z
      value: -2.3
      objectReference: {fileID: 0}
    - target: {fileID: 5167843944095762172, guid: 7670c89bace116246b294cd774272886,
        type: 3}
      propertyPath: m_LocalRotation.x
      value: 0
      objectReference: {fileID: 0}
    - target: {fileID: 5167843944095762172, guid: 7670c89bace116246b294cd774272886,
        type: 3}
      propertyPath: m_LocalRotation.y
      value: 0
      objectReference: {fileID: 0}
    - target: {fileID: 5167843944095762172, guid: 7670c89bace116246b294cd774272886,
        type: 3}
      propertyPath: m_LocalRotation.z
      value: 0
      objectReference: {fileID: 0}
    - target: {fileID: 5167843944095762172, guid: 7670c89bace116246b294cd774272886,
        type: 3}
      propertyPath: m_LocalRotation.w
      value: 1
      objectReference: {fileID: 0}
    - target: {fileID: 5167843944095762172, guid: 7670c89bace116246b294cd774272886,
        type: 3}
      propertyPath: m_RootOrder
      value: 1
      objectReference: {fileID: 0}
    - target: {fileID: 5167843944095762172, guid: 7670c89bace116246b294cd774272886,
        type: 3}
      propertyPath: m_LocalEulerAnglesHint.x
      value: 0
      objectReference: {fileID: 0}
    - target: {fileID: 5167843944095762172, guid: 7670c89bace116246b294cd774272886,
        type: 3}
      propertyPath: m_LocalEulerAnglesHint.y
      value: 0
      objectReference: {fileID: 0}
    - target: {fileID: 5167843944095762172, guid: 7670c89bace116246b294cd774272886,
        type: 3}
      propertyPath: m_LocalEulerAnglesHint.z
      value: 0
      objectReference: {fileID: 0}
    - target: {fileID: 5533769271332501804, guid: 7670c89bace116246b294cd774272886,
        type: 3}
      propertyPath: m_Name
      value: SphereCustom
      objectReference: {fileID: 0}
    m_RemovedComponents: []
  m_SourcePrefab: {fileID: 100100000, guid: 7670c89bace116246b294cd774272886, type: 3}
--- !u!4 &733086629724916799 stripped
Transform:
  m_CorrespondingSourceObject: {fileID: 5167843944095762172, guid: 7670c89bace116246b294cd774272886,
    type: 3}
  m_PrefabInstance: {fileID: 5592253337642519235}
  m_PrefabAsset: {fileID: 0}
